@inproceedings{Bunder19a,
  title={Decoupling Language and Editor-The Impact of the Language Server Protocol on Textual Domain-Specific Languages.},
  author={B{\"u}nder, Hendrik},
  booktitle={MODELSWARD},
  pages={129--140},
  year={2019}
}

@inproceedings{Rodriguez-Echeverria18a,
author = {Rodriguez-Echeverria, Roberto and Izquierdo, Javier Luis C\'{a}novas and Wimmer, Manuel and Cabot, Jordi},
title = {Towards a Language Server Protocol Infrastructure for Graphical Modeling},
year = {2018},
isbn = {9781450349499},
publisher = {Association for Computing Machinery},
address = {New York, NY, USA},
url = {https://doi.org/10.1145/3239372.3239383},
doi = {10.1145/3239372.3239383},
abstract = {},
booktitle = {Proceedings of the 21th ACM/IEEE International Conference on Model Driven Engineering Languages and Systems},
pages = {370â€“380},
numpages = {11},
keywords = {Modeling Editors, Language Server Protocol, Domain Specific Languages},
location = {Copenhagen, Denmark},
series = {MODELS '18}
}
